<record xmlns='http://www.loc.gov/MARC21/slim'><leader>01405cgm a2200325 a 4500</leader><controlfield tag='001'>4584642</controlfield><controlfield tag='005'>20141227023648.0</controlfield><controlfield tag='007'>vf|cbahou</controlfield><controlfield tag='008'>030326s1992    xx 085 e          vleng d</controlfield><datafield ind1=' ' ind2=' ' tag='035'><subfield code='a'>(OCoLC)52065717</subfield></datafield><datafield ind1=' ' ind2=' ' tag='035'><subfield code='a'>4584642</subfield></datafield><datafield ind1=' ' ind2=' ' tag='040'><subfield code='a'>NIC</subfield><subfield code='c'>NIC</subfield></datafield><datafield ind1='0' ind2='0' tag='245'><subfield code='a'>Are you listening? welfare mothers</subfield><subfield code='h'>[videorecording] /</subfield><subfield code='c'>[Africana Studies and Research Center, Cornell University].</subfield></datafield><datafield ind1=' ' ind2=' ' tag='260'><subfield code='c'>[1971]</subfield></datafield><datafield ind1=' ' ind2=' ' tag='300'><subfield code='a'>1 videocassette (58 min.) :</subfield><subfield code='b'>sd., col. ;</subfield><subfield code='c'>1/2 in.</subfield></datafield><datafield ind1=' ' ind2=' ' tag='538'><subfield code='a'>VHS format.</subfield></datafield><datafield ind1=' ' ind2=' ' tag='508'><subfield code='a'>Speaker, Martha Stewart and welfare mothers.</subfield></datafield><datafield ind1=' ' ind2=' ' tag='500'><subfield code='a'>Title from videocassetee label.</subfield></datafield><datafield ind1=' ' ind2=' ' tag='520'><subfield code='a'>This video is about the plight of welfare mothers and the struggles they endure being on welfare.  Also discusses Woodlawn Sisterhood, a black women&apos;s group, which serves as a backbone for mothers.</subfield></datafield><datafield ind1=' ' ind2='0' tag='650'><subfield code='a'>Welfare recipients</subfield><subfield code='z'>United States</subfield><subfield code='x'>Personal narratives.</subfield></datafield><datafield ind1='2' ind2='0' tag='610'><subfield code='a'>Woodlawn Organization.</subfield></datafield><datafield ind1='2' ind2='7' tag='610'><subfield code='a'>Woodlawn Organization</subfield><subfield code='2'>fast</subfield><subfield code='0'>(OCoLC)fst00550104</subfield></datafield><datafield ind1=' ' ind2='7' tag='650'><subfield code='a'>Welfare recipients</subfield><subfield code='2'>fast</subfield><subfield code='0'>(OCoLC)fst01173635</subfield></datafield><datafield ind1=' ' ind2='7' tag='651'><subfield code='a'>United States</subfield><subfield code='2'>fast</subfield><subfield code='0'>(OCoLC)fst01204155</subfield></datafield><datafield ind1=' ' ind2='7' tag='655'><subfield code='a'>Personal narratives</subfield><subfield code='2'>fast</subfield><subfield code='0'>(OCoLC)fst01423843</subfield></datafield><datafield ind1='2' ind2=' ' tag='710'><subfield code='a'>Martha Stuart Communications.</subfield></datafield><datafield ind1='2' ind2=' ' tag='710'><subfield code='a'>Cornell University.</subfield><subfield code='b'>Africana Studies and Research Center.</subfield></datafield><datafield ind1='1' ind2=' ' tag='948'><subfield code='a'>20030326</subfield><subfield code='b'>o</subfield><subfield code='d'>sok1</subfield><subfield code='e'>lts</subfield></datafield><datafield ind1='2' ind2=' ' tag='948'><subfield code='a'>20040525</subfield><subfield code='b'>a</subfield><subfield code='d'>ahk3</subfield><subfield code='e'>lts</subfield></datafield><datafield ind1='2' ind2=' ' tag='948'><subfield code='a'>20141226</subfield><subfield code='b'>m</subfield><subfield code='d'>batch</subfield><subfield code='e'>lts</subfield><subfield code='x'>addfast</subfield></datafield></record>